<?xml version="1.0" encoding="UTF-8"?><collection xmlns="http://www.loc.gov/MARC21/slim"><record><leader>00330nam--2200121-i-4500</leader><controlfield tag="001">000004901</controlfield><controlfield tag="002">20161230</controlfield><controlfield tag="005">20161230201026</controlfield><controlfield tag="008">060222s1000------------r-----000-0-eng-d</controlfield><datafield ind1=" " ind2=" " tag="245"><subfield code="a">The computing laboratory in the university</subfield></datafield><datafield ind1=" " ind2=" " tag="260"><subfield code="a">Madison, University Of Wisconsin Press, 1957 236 P</subfield></datafield><datafield ind1=" " ind2=" " tag="700"><subfield code="a">Hammer Preston C</subfield></datafield><datafield ind1=" " ind2=" " tag="852"><subfield code="a">14880</subfield></datafield></record></collection>